@misc{kernelnorm2024,
  title         = {Kernel Normalized Convolutional Networks},
  author        = {Reza Nasirigerdeh and Reihaneh Torkzadehmahani and Daniel Rueckert and Georgios Kaissis},
  year          = {2024},
  eprint        = {2205.10089},
  archiveprefix = {arXiv},
  primaryclass  = {cs.LG}
}

@inproceedings{kernelnormdp2023,
  title     = {Kernel Normalized Convolutional Networks for Privacy-Preserving Machine Learning},
  author    = {Reza Nasirigerdeh and Javad Torkzadehmahani and Daniel Rueckert and Georgios Kaissis},
  booktitle = {First IEEE Conference on Secure and Trustworthy Machine Learning},
  year      = {2023},
  url       = {https://openreview.net/forum?id=pyfGjjDmrC}
}

@misc{resnet2015,
  title         = {Deep Residual Learning for Image Recognition},
  author        = {Kaiming He and Xiangyu Zhang and Shaoqing Ren and Jian Sun},
  year          = {2015},
  eprint        = {1512.03385},
  archiveprefix = {arXiv},
  primaryclass  = {cs.CV}
}

@misc{densenet2018,
  title         = {Densely Connected Convolutional Networks},
  author        = {Gao Huang and Zhuang Liu and Laurens van der Maaten and Kilian Q. Weinberger},
  year          = {2018},
  eprint        = {1608.06993},
  archiveprefix = {arXiv},
  primaryclass  = {cs.CV}
}

@misc{convnext2022,
  title         = {A ConvNet for the 2020s},
  author        = {Zhuang Liu and Hanzi Mao and Chao-Yuan Wu and Christoph Feichtenhofer and Trevor Darrell and Saining Xie},
  year          = {2022},
  eprint        = {2201.03545},
  archiveprefix = {arXiv},
  primaryclass  = {cs.CV}
}

@misc{attentionaugmentedcnn2020,
  title         = {Attention Augmented Convolutional Networks},
  author        = {Irwan Bello and Barret Zoph and Ashish Vaswani and Jonathon Shlens and Quoc V. Le},
  year          = {2020},
  eprint        = {1904.09925},
  archiveprefix = {arXiv},
  primaryclass  = {cs.CV}
}

@misc{batchnorm2015,
  title         = {Batch Normalization: Accelerating Deep Network Training by Reducing Internal Covariate Shift},
  author        = {Sergey Ioffe and Christian Szegedy},
  year          = {2015},
  eprint        = {1502.03167},
  archiveprefix = {arXiv},
  primaryclass  = {cs.LG}
}

@misc{layernorm2015,
  title         = {Layer Normalization},
  author        = {Jimmy Lei Ba and Jamie Ryan Kiros and Geoffrey E. Hinton},
  year          = {2016},
  eprint        = {1607.06450},
  archiveprefix = {arXiv},
  primaryclass  = {stat.ML}
}

@misc{groupnorm2018,
  title         = {Group Normalization},
  author        = {Yuxin Wu and Kaiming He},
  year          = {2018},
  eprint        = {1803.08494},
  archiveprefix = {arXiv},
  primaryclass  = {cs.CV}
}

@misc{localcontextnorm2020,
  title         = {Local Context Normalization: Revisiting Local Normalization},
  author        = {Anthony Ortiz and Caleb Robinson and Dan Morris and Olac Fuentes and Christopher Kiekintveld and Md Mahmudulla Hassan and Nebojsa Jojic},
  year          = {2020},
  eprint        = {1912.05845},
  archiveprefix = {arXiv},
  primaryclass  = {cs.CV}
}